@article{einstein,
    author = "Albert Einstein",
    title = "{Zur Elektrodynamik bewegter K{\"o}rper}. ({German})
    [{On} the electrodynamics of moving bodies]",
    journal = "Annalen der Physik",
    volume = "322",
    number = "10",
    pages = "891--921",
    year = "1905",
    DOI = "http://dx.doi.org/10.1002/andp.19053221004",
    keywords = "physics"
}

@book{dirac,
    title = {The Principles of Quantum Mechanics},
    author = {Paul Adrien Maurice Dirac},
    isbn = {9780198520115},
    series = {International series of monographs on physics},
    year = {1981},
    publisher = {Clarendon Press},
    keywords = {physics}
}

@misc{cryptoeprint:2023/1001,
      author = {Foteini Baldimtsi and Ioanna Karantaidou and Srinivasan Raghuraman},
      title = {Oblivious Accumulators},
      howpublished = {Cryptology ePrint Archive, Paper 2023/1001},
      year = {2023},
      note = {\url{https://eprint.iacr.org/2023/1001}},
      url = {https://eprint.iacr.org/2023/1001}
}

@online{greenandblazewebsite,
    author = "Green and Blaze",
    title = "Zero Knowledge Proofs: An illustrated primer â€“ A Few Thoughts on Cryptographic Engineering",
    url  = "https://blog.cryptographyengineering.com/2014/11/27/zero-knowledge-proofs-illustrated-primer/",
    addendum = "(accessed: 26.04.2024)",
    keywords = "zero,knowledge,engineering"
}

@inbook{knuth-fa,
    author = "Donald E. Knuth",
    title = "Fundamental Algorithms",
    publisher = "Addison-Wesley",
    year = "1973",
    chapter = "1.2",
    keywords  = "knuth,programming"
}